@article{acket_measuring_2011,
  title = {Measuring and Validating Social Cohesion: A Bottom-up Approach},
  author = {Acket, Sylvain and Borsenberger, M. and Dick{\`e}s, P. and Sarracino, Francesco},
  year = {2011}
}

@article{ariely_does_2013,
  title = {Does {{Diversity Erode Social Cohesion}}? {{Conceptual}} and {{Methodological Issues}}},
  author = {Ariely, Gal},
  year = {2013},
  month = sep,
  journal = {Political Studies},
  volume = {62},
  number = {3},
  pages = {573--595},
  publisher = {SAGE Publications},
  issn = {0032-3217},
  doi = {10.1111/1467-9248.12068}
}

@article{bottoni_effect_2024,
  title = {The {{Effect}} of {{Social Cohesion}} on {{Subjective Individual Quality}} of {{Life}} in {{European Countries}}},
  author = {Bottoni, Gianmaria and Addeo, Felice},
  year = {2024},
  month = jan,
  journal = {Social Indicators Research},
  volume = {171},
  number = {3},
  pages = {1111--1133},
  publisher = {{Springer Science and Business Media LLC}},
  issn = {0303-8300},
  doi = {10.1007/s11205-023-03284-6}
}

@techreport{castillo_cohesion_2022,
  title = {{Cohesi{\'o}n social en Chile en tiempos de cambio: indicadores, perfiles y factores asociados}},
  author = {Castillo, Juan Carlos and Espinoza, {\relax Vi}cente and Barozet, Emmanuelle},
  year = {2022},
  eprint = {11362/47735},
  eprinttype = {hdl},
  langid = {spanish},
  file = {C:\Users\Usuario\Zotero\storage\Y27WEW5D\Cohesi√≥n social en Chile en tiempos de cambio indicadores, perfiles y factores asociados.pdf}
}

@article{castillo_social_2023,
  title = {Social Cohesion and Attitudinal Changes toward Migration: {{A}} Longitudinal Perspective amid the {{COVID-19}} Pandemic},
  shorttitle = {Social Cohesion and Attitudinal Changes toward Migration},
  author = {Castillo, Juan Carlos and Bonhomme, Macarena and Miranda, Daniel and Iturra, Julio},
  year = {2023},
  month = jan,
  journal = {Frontiers in Sociology},
  volume = {7},
  pages = {1009567},
  issn = {2297-7775},
  doi = {10.3389/fsoc.2022.1009567},
  urldate = {2025-08-21},
  abstract = {The COVID-19 pandemic has impacted social interactions and coexistence around the globe in dimensions that go far beyond health issues. In the case of the Global South, the pandemic has developed along with growing South-South migratory movements, becoming another key factor that might reinforce social conflict in increasingly multicultural areas as migrants have historically served as ``scapegoats'' for unexpected crises as a way to control and manage diversity. Chile is one of the main destination countries for migrants from the Latin American and Caribbean region, and COVID-19 outbreaks in migrant housing have intensified discrimination. In such a context, there is a need for understanding how the pandemic has potentially changed the way non-migrants perceive and interact with migrant neighbors. Drawing on the national social cohesion panel survey study ELSOC (2016--2021,               N               = 2,927) the aim is to analyze the changes in non-migrants' attitudes toward migrants---related to dimensions of social cohesion---over the last years and their relation with individual status and territorial factors. We argue that social cohesion in increasingly multicultural societies is partially threatened in times of crisis. The results indicate that after the pandemic, convivial attitudes toward Latin American migrants decreased. Chileans started perceiving them more negatively, particularly those respondents with lower educational levels and who live in increasingly multicultural neighborhoods with higher rates of migrant residents.},
  file = {C:\Users\Usuario\Zotero\storage\C8Z884A3\Castillo et al. - 2023 - Social cohesion and attitudinal changes toward migration A longitudinal perspective amid the COVID-.pdf}
}

@article{chuang_social_2013,
  title = {Social Cohesion Matters in Health},
  author = {Chuang, Ying-Chih and Chuang, Kun-Yang and Yang, Tzu-Hsuan},
  year = {2013},
  journal = {International Journal for Equity in Health},
  volume = {12},
  number = {1},
  pages = {87},
  publisher = {{Springer Science and Business Media LLC}},
  issn = {1475-9276},
  doi = {10.1186/1475-9276-12-87}
}

@article{colic-peisker_social_2015,
  title = {Social {{Change}} and {{Community Cohesion}}: {{An Ethnographic Study}} of {{Two Melbourne Suburbs}}},
  author = {{Colic-Peisker}, Val and Robertson, Shanthi},
  year = {2015},
  journal = {Ethnic and Racial Studies},
  volume = {38},
  number = {1},
  pages = {75--91},
  doi = {10.1080/01419870.2014.939205}
}

@article{delhey_happier_2016,
  title = {Happier {{Together}}. {{Social Cohesion}} and {{Subjective Well-Being}} in {{Europe}}: {{HAPPIER TOGETHER-COHESION AND SWB}}},
  shorttitle = {Happier {{Together}}. {{Social Cohesion}} and {{Subjective Well-Being}} in {{Europe}}},
  author = {Delhey, Jan and Dragolov, Georgi},
  year = {2016},
  month = jun,
  journal = {International Journal of Psychology},
  volume = {51},
  number = {3},
  pages = {163--176},
  issn = {00207594},
  doi = {10.1002/ijop.12149},
  langid = {english}
}

@article{delhey_social_2018,
  title = {Social {{Cohesion}} and {{Its Correlates}}: A {{Comparison}} of {{Western}} and {{Asian Societies}}},
  author = {Delhey, Jan and Boehnke, Klaus and Dragolov, Georgi and Ign{\'a}cz, Zs{\'o}fia S. and Larsen, Mandi and Lorenz, Jan and Koch, Michael},
  year = {2018},
  month = jun,
  journal = {Comparative Sociology},
  volume = {17},
  number = {3-4},
  pages = {426--455},
  publisher = {Walter de Gruyter GmbH},
  issn = {1569-1322},
  doi = {10.1163/15691330-12341468}
}

@article{dragolov_social_2013,
  title = {Social {{Cohesion Radar Measuring Common Ground}}: {{An International Comparison}} of {{Social Cohesion Methods Report}}},
  author = {Dragolov, Georgi and Ign{\'a}cz, Zs{\'o}fia and Lorenz, Jan and Delhey, Jan and Boehnke, Klaus},
  year = {2013}
}

@article{janmaat_social_2010,
  title = {Social {{Cohesion}} as a {{Real-life Phenomenon}}: {{Assessing}} the {{Explanatory Power}} of the {{Universalist}} and {{Particularist Perspectives}}},
  author = {Janmaat, Jan Germen},
  year = {2010},
  month = apr,
  journal = {Social Indicators Research},
  volume = {100},
  number = {1},
  pages = {61--83},
  publisher = {{Springer Science and Business Media LLC}},
  issn = {0303-8300},
  doi = {10.1007/s11205-010-9604-9}
}

@misc{jeannotte_social_2003,
  title = {Social {{Cohesion}}: {{Insights}} from {{Canadian Research}}},
  author = {Jeannotte, M.},
  year = {2003},
  month = dec,
  address = {Conference on Social Cohesion Hong Kong}
}

@book{jenson_defining_2010,
  title = {Defining and {{Measuring Social Cohesion}}},
  author = {Jenson, Jane},
  year = {2010},
  number = {1},
  publisher = {Commonwealth Secretariat}
}

@book{jenson_mapping_1998,
  title = {Mapping {{Social Cohesion}}: {{The State}} of {{Canadian Research}}},
  author = {Jenson, Jane},
  year = {1998}
}

@article{jenson_new_2003,
  title = {New {{Routes}} to {{Social Cohesion}}? {{Citizenship}} and the {{Social Investment State}}},
  shorttitle = {New {{Routes}} to {{Social Cohesion}}?},
  author = {Jenson, Jane and {Saint-Martin}, Denis},
  year = {2003},
  journal = {Canadian Journal of Sociology / Cahiers canadiens de sociologie},
  volume = {28},
  number = {1},
  pages = {77},
  issn = {03186431},
  doi = {10.2307/3341876}
}

@article{langer_conceptualising_2016,
  title = {Conceptualising and {{Measuring Social Cohesion}} in {{Africa}}: {{Towards}} a {{Perceptions-Based Index}}},
  author = {Langer, Arnim and Stewart, Frances and Smedts, Kristien and Demarest, Leila},
  year = {2016},
  month = jan,
  journal = {Social Indicators Research},
  volume = {131},
  number = {1},
  pages = {321--343},
  publisher = {{Springer Science and Business Media LLC}},
  issn = {0303-8300},
  doi = {10.1007/s11205-016-1250-4}
}

@incollection{lavis_social_2003,
  title = {Social {{Cohesion}} and {{Health}}},
  booktitle = {The {{Economic Implications}} of {{Social Cohesion}}},
  author = {Lavis, John N. and Stoddart, Gregory L.},
  year = {2003},
  month = dec,
  pages = {121--149},
  publisher = {University of Toronto Press},
  doi = {10.3138/9781442681149-005}
}

@article{markus_attitudinal_2007,
  title = {Attitudinal {{Divergence}} in a {{Melbourne Region}} of {{High Immigrant Concentration}}: {{A Case Study}}},
  author = {Markus, Andrew Barry and Arunachalam, Dharmalingam},
  year = {2007},
  journal = {People and Place},
  volume = {15},
  number = {4},
  pages = {38--48},
  issn = {1039-4788},
  langid = {english}
}

@article{markus_mapping_2014,
  title = {Mapping {{Social Cohesion}}},
  author = {Markus, Andrew},
  year = {2014}
}

@techreport{mideso_informe_2020,
  title = {Informe {{Final Consejo Asesor}} Para La {{Cohesi{\'o}n Social}}. {{Diagn{\'o}stico}} Para Una Aproximaci{\'o}n a La Cohesi{\'o}n Social En {{Chile}} y Recomendaciones Para Fortalecer El Aporte de La Pol{\'i}tica Social},
  author = {{Ministerio de Desarrollo Social y Familia}},
  year = {2020},
  urldate = {2025-08-21},
  file = {C:\Users\Usuario\Zotero\storage\9YRC5UM7\Informe_Final_Consejo_Cohesion_Social.pdf}
}

@book{prewitt_civic_2014,
  title = {Civic {{Engagement}} and {{Social Cohesion}}: {{Measuring Dimensions}} of {{Social Capital}} to {{Inform Policy}}},
  author = {Prewitt, K. and Mackie, C.D. and Habermann, H. and Council, National},
  year = {2014},
  month = nov
}

@book{ritzen_good_2000,
  title = {On {{Good Politicians}} and {{Bad Policies}}: {{Social Cohesion}}, {{Institutions}}, and {{Growth}}},
  author = {Ritzen, Jo and Easterly, William and Woolcock, Michael},
  year = {2000},
  month = sep,
  publisher = {World Bank, Washington, DC},
  doi = {10.1596/1813-9450-2448}
}

@article{salazar-xirinachs_repensar_2023,
  title = {{Repensar, reimaginar, transformar: los ``qu{\'e}'' y los ``c{\'o}mo'' para avanzar hacia un modelo de desarrollo m{\'a}s productivo, inclusivo y sostenible}},
  shorttitle = {{Repensar, reimaginar, transformar}},
  author = {{Salazar-Xirinachs}, Jos{\'e} Manuel},
  year = {2023},
  month = dec,
  journal = {Revista de la CEPAL},
  volume = {2023},
  number = {141},
  pages = {11--43},
  issn = {16820908},
  doi = {10.18356/16820908-2023-141-2},
  urldate = {2025-08-21},
  langid = {spanish},
  file = {C:\Users\Usuario\Zotero\storage\UF2UWMQI\Economic Commission for Latin America and the Caribbean y Jos√© Manuel Salazar-Xirinachs - 2023 - Repensar, reimaginar, transformar los ‚Äúqu√©‚Äù y los ‚Äúc√≥mo‚Äù para avanzar hacia un modelo de desarrollo.pdf}
}

@article{somma_paradojas_2015,
  title = {Las {{Paradojas}} de {{La Cohesi{\'o}n Social En Am{\'e}rica Latina}}},
  author = {Somma, Nicol{\'a}s M and Valenzuela, Eduardo},
  year = {2015},
  journal = {Revista del CLAD Reforma y Democracia},
  number = {61},
  pages = {43--74},
  publisher = {Centro Latinoamericano de Administraci{\'o}n para el Desarrollo}
}

@book{tironibarrios_redes_2008,
  title = {{Redes, Estado y mercados: soportes de la cohesi{\'o}n social latinoamericana}},
  shorttitle = {{Redes, Estado y mercados}},
  editor = {Tironi Barrios, Eugenio and Foxley R{\'i}oseco, Alejandro},
  year = {2008},
  series = {{Colecci{\'o}n CIEPLAN}},
  publisher = {Uqbar Editores},
  address = {Santiago de Chile},
  isbn = {978-956-8601-18-8},
  langid = {spanish}
}

@book{undp_trapped_2023,
  title = {Trapped: {{High Inequality}} and {{Low Growth}} in {{Latin America}} and the {{Caribbean}}: {{Regional Human Development Report}} 2021},
  shorttitle = {Trapped},
  author = {{United Nations Development Programme}},
  year = {2023},
  month = apr,
  publisher = {United Nations},
  doi = {10.18356/9789210057844},
  urldate = {2025-08-21},
  isbn = {978-92-1-005784-4},
  langid = {english}
}

@book{valenzuela_vinculos_2008,
  title = {V{\'i}nculos, {{Creencias}} e {{Ilusiones}}. {{La Cohesi{\'o}n Social}} de {{Los Latinoamericanos}}},
  author = {Valenzuela, Eduardo and Schwartzman, Sim{\'o}n and Biehl, Andr{\'e}s and Valenzuela, J Samuel},
  year = {2008},
  publisher = {Uqbar Editores}
}

@article{vergolini_social_2011,
  title = {Social Cohesion in {{Europe}}: {{How}} Do the Different Dimensions of Inequality Affect Social Cohesion?},
  author = {Vergolini, Loris},
  year = {2011},
  month = may,
  journal = {International Journal of Comparative Sociology},
  volume = {52},
  number = {3},
  pages = {197--214},
  publisher = {SAGE Publications},
  issn = {0020-7152},
  doi = {10.1177/0020715211405421}
}
